@misc{worldPopupation,
    author    = "www.worldometers.info",
    title     = "World population",
    url       = "http://www.worldometers.info/world-population/"
}
